@article{greenwade93,
    author  = "George D. Greenwade",
    title   = "The {C}omprehensive {T}ex {A}rchive {N}etwork ({CTAN})",
    year    = "1993",
    journal = "TUGBoat",
    volume  = "14",
    number  = "3",
    pages   = "342--351"
}

@article{despa2014comparative,
  title={Comparative study on software development methodologies},
  author={Despa, Mihai Liviu},
  journal={Database Systems Journal},
  volume={5},
  number={3},
  pages={37--56},
  year={2014}
}

@incollection{schwaber1997scrum,
  title={Scrum development process},
  author={Schwaber, Ken},
  booktitle={Business object design and implementation},
  pages={117--134},
  year={1997},
  publisher={Springer}
}

@article{Krenn_2020,
	doi = {10.1088/2632-2153/aba947},
	url = {https://doi.org/10.1088\%2F2632-2153\%2Faba947},
	year = 2020,
	month = {oct},
	publisher = {{IOP} Publishing},
	volume = {1},
	number = {4},
	pages = {045024},
	author = {Mario Krenn and Florian HÃ¤se and AkshatKumar Nigam and Pascal Friederich and Alan Aspuru-Guzik},
	title = {Self-referencing embedded strings ({SELFIES}): A 100{\%} robust molecular string representation},
	journal = {Machine Learning: Science and Technology}
}
